<record xmlns="http://www.loc.gov/MARC21/slim" xmlns:xsi="http://www.w3.org/2001/XMLSchema-instance" xsi:schemaLocation="http://www.loc.gov/MARC21/slim http://www.loc.gov/standards/marcxml/schema/MARC21slim.xsd"><leader>01529cz   2200301n  4500</leader><controlfield tag="001">oca01886880 </controlfield><controlfield tag="005">19970925133640.0</controlfield><controlfield tag="008">870630n| acannaab|          |a aaa |||  </controlfield><datafield ind1=" " ind2=" " tag="010"><subfield code="a">n  86119200 </subfield></datafield><datafield ind1=" " ind2=" " tag="040"><subfield code="a">DLC</subfield><subfield code="c">DLC</subfield><subfield code="d">DLC</subfield></datafield><datafield ind1="0" ind2=" " tag="100"><subfield code="a">Evagrius,</subfield><subfield code="c">Ponticus,</subfield><subfield code="d">345?-399</subfield></datafield><datafield ind1="0" ind2=" " tag="400"><subfield code="a">Euagrios,</subfield><subfield code="c">ho Pontikos,</subfield><subfield code="d">345?-399</subfield></datafield><datafield ind1="0" ind2=" " tag="400"><subfield code="a">Evagrius Ponticus,</subfield><subfield code="d">345?-399?</subfield><subfield code="w">nnaa</subfield></datafield><datafield ind1="0" ind2=" " tag="400"><subfield code="a">Evagrios,</subfield><subfield code="c">Pontikos,</subfield><subfield code="d">345?-399</subfield></datafield><datafield ind1="0" ind2=" " tag="400"><subfield code="a">Evagre,</subfield><subfield code="c">le Pontique,</subfield><subfield code="d">345?-399</subfield></datafield><datafield ind1="0" ind2=" " tag="400"><subfield code="a">Euagrios,</subfield><subfield code="c">Pontikos,</subfield><subfield code="d">345?-399</subfield></datafield><datafield ind1="0" ind2=" " tag="400"><subfield code="a">EvagriiÌ&#x86;,</subfield><subfield code="c">PontiiÌ&#x86;skiiÌ&#x86;,</subfield><subfield code="d">345?-399</subfield></datafield><datafield ind1=" " ind2=" " tag="670"><subfield code="a">His Briefe aus der WuÌ&#x88;ste, 1986:</subfield><subfield code="b">t.p. (Evagrios Pontikos) p. 4 of cover (ca. 346-399; lived in Constantinople and Egypt; theologian)</subfield></datafield><datafield ind1=" " ind2=" " tag="670"><subfield code="a">LC data base, 6-22-87</subfield><subfield code="b">(hdg.: Evagrius Ponticus, 345?-399?)</subfield></datafield><datafield ind1=" " ind2=" " tag="670"><subfield code="a">Krumbacher.</subfield><subfield code="b">(Euagrios Pontikos, Asketiker)</subfield></datafield><datafield ind1=" " ind2=" " tag="670"><subfield code="a">MegaleÌ&#x84; HelleÌ&#x84;nikeÌ&#x84; enkykl.</subfield><subfield code="b">(Euagrios ho Pontikos)</subfield></datafield><datafield ind1=" " ind2=" " tag="670"><subfield code="a">His Scholies aux Proverbes, 1987:</subfield><subfield code="b">t.p. (Evagre le Pontique) p. 7 (d. 399)</subfield></datafield><datafield ind1=" " ind2=" " tag="670"><subfield code="a">His The praktikos. Chapters on prayer, 1970, c1972:</subfield><subfield code="b">t.p. (Evagrius Ponticus)</subfield></datafield><datafield ind1=" " ind2=" " tag="670"><subfield code="a">Encyc. Brit., 15th ed.</subfield><subfield code="b">(Evagrius Ponticus, b. 346, d. 399)</subfield></datafield><datafield ind1=" " ind2=" " tag="670"><subfield code="a">New Cath. encyc.</subfield><subfield code="b">(Evagrius Ponticus, 4th cent. monk and mystical theologian, b. 345, d. 399)</subfield></datafield><datafield ind1=" " ind2=" " tag="670"><subfield code="a">Oxford dict. of the Chr. Church, c1958</subfield><subfield code="b">(Evagrius Ponticus, 346-399)</subfield></datafield><datafield ind1=" " ind2=" " tag="670"><subfield code="a">Dict. d'hist. et de geÌ&#x81;ogr. eccleÌ&#x81;s.</subfield><subfield code="b">(Evagre le Pontique, 345-399)</subfield></datafield><datafield ind1=" " ind2=" " tag="670"><subfield code="a">Tvoreniiï¸&#160;aï¸¡ Avvy Evagriiï¸&#160;aï¸¡, 1994:</subfield><subfield code="b">p. 5 (EvagriiÌ&#x86; PontiiÌ&#x86;skiiÌ&#x86;)</subfield></datafield></record>